@article{banks1990equilibrium,
  title={Equilibrium Behavior in Crisis Bargaining Games},
  author={Banks, Jeffrey S.},
  journal={American Journal of Political Science},
  volume={34},
  number={3},
  pages={599--614},
  year={1990}
}
@article{walter1997critical,
  title={The Critical Barrier to Civil War Settlement},
  author={Walter, Barbara F.},
  journal={International Organization},
  volume={51},
  number={3},
  pages={335--364},
  year={1997},
}
